<?xml version="1.0" encoding="UTF-8"?><collection xmlns="http://www.loc.gov/MARC21/slim"><record><leader>00453nam--2200169-i-4500</leader><controlfield tag="001">000010776</controlfield><controlfield tag="002">20161230</controlfield><controlfield tag="005">20161230201028</controlfield><controlfield tag="008">060222s1000------------r-----000-0-eng-d</controlfield><datafield ind1=" " ind2=" " tag="040"><subfield code="a">IFIN-HH</subfield></datafield><datafield ind1=" " ind2=" " tag="080"><subfield code="a">519.4</subfield></datafield><datafield ind1="1" ind2=" " tag="100"><subfield code="a">Robinson, G.De B</subfield></datafield><datafield ind1="1" ind2="0" tag="245"><subfield code="a">Representation theory of the symmetric group</subfield><subfield code="c">G. de b. robinson</subfield></datafield><datafield ind1=" " ind2=" " tag="260"><subfield code="a">Edinburgh</subfield><subfield code="b">University Press</subfield><subfield code="c">1961</subfield></datafield><datafield ind1=" " ind2=" " tag="300"><subfield code="a">VIII+204P</subfield></datafield><datafield ind1=" " ind2=" " tag="852"><subfield code="a">39526</subfield><subfield code="c">519.4/5</subfield></datafield><datafield ind1=" " ind2=" " tag="CAT"><subfield code="a">Sys</subfield><subfield code="c">20130813</subfield><subfield code="h">105406</subfield></datafield></record></collection>